@article{IMDb,
	title={"20 Jahre Internet Movie Database: Im Clubhaus der Kinojunkies".},
	author={Stocker, Christian}
	publisher={Spiegel Online}
}
@article{rating,
	title={https://help.imdb.com/article/imdb/track-movies-tv/ratings-faq/G67Y87TFYYP6TWAV},
	author={IMDb help}
}
@article{data,
	title={https://www.kaggle.com/carolzhangdc/imdb-5000-movie-dataset},
	author={Dataset from Kaggle}
}
 
